<?xml version="1.0" encoding="UTF-8"?>
<Document xmlns:xsi="http://www.w3.org/2001/XMLSchema-instance"
    xmlns="urn:iso:std:iso:20022:tech:xsd:pain.001.001.09">
    <CstmrCdtTrfInitn>
        <GrpHdr>
            <MsgId>DC0082025-09031113556561</MsgId>
            <CreDtTm>2025-09-03T11:13:55</CreDtTm>
            <NbOfTxs>54</NbOfTxs>
            <CtrlSum>113977.18</CtrlSum>
            <InitgPty>
                <Nm>V.J. Salomone Marketing Limited</Nm>
                <Id>
                    <OrgId>
                        <Othr>
                            <Id>VJS001</Id>
                        </Othr>
                    </OrgId>
                </Id>
            </InitgPty>
        </GrpHdr>
        <PmtInf>
            <PmtInfId>0082025-20250903-11:13:55-VJS001</PmtInfId>
            <PmtMtd>TRF</PmtMtd>
            <BtchBookg>true</BtchBookg>
            <NbOfTxs>54</NbOfTxs>
            <CtrlSum>113977.18</CtrlSum>
            <PmtTpInf>
                <SvcLvl>
                    <Cd>SEPA</Cd>
                </SvcLvl>
            </PmtTpInf>
            <ReqdExctnDt>
                <Dt>2025-08-27</Dt>
            </ReqdExctnDt>
            <Dbtr>
                <Nm>V.J. Salomone Marketing Limited</Nm>
                <PstlAdr>
                    <TwnNm>HANDAQ, HAL-QORMI</TwnNm>
                    <Ctry>MT</Ctry>
                </PstlAdr>
            </Dbtr>
            <DbtrAcct>
                <Id>
                    <IBAN>MT50VALL22013000000014103052019</IBAN>
                </Id>
                <Ccy>EUR</Ccy>
            </DbtrAcct>
            <DbtrAgt>
                <FinInstnId>
                    <BICFI>VALLMTMT</BICFI>
                </FinInstnId>
            </DbtrAgt>
            <CdtTrfTxInf>
                <PmtId>
                    <InstrId>DC031M2708202559</InstrId>
                    <EndToEndId>DC031M2708202559</EndToEndId>
                </PmtId>
                <Amt>
                    <InstdAmt Ccy="EUR">13616.24</InstdAmt>
                </Amt>
                <CdtrAgt>
                    <FinInstnId>
                        <BICFI>VALLMTMT</BICFI>
                    </FinInstnId>
                </CdtrAgt>
                <Cdtr>
                    <Nm>GALEA VICTOR</Nm>
                    <PstlAdr>
                        <TwnNm>SLIEMA</TwnNm>
                        <Ctry>MT</Ctry>
                    </PstlAdr>
                </Cdtr>
                <CdtrAcct>
                    <Id>
                        <IBAN>MT64VALL22013000000040012295452</IBAN>
                    </Id>
                </CdtrAcct>
                <Purp>
                    <Cd>SALA</Cd>
                </Purp>
                <RmtInf>
                    <Ustrd>Salary 27-08-2025 2025</Ustrd>
                </RmtInf>
            </CdtTrfTxInf>
            <CdtTrfTxInf>
                <PmtId>
                    <InstrId>DC101M2708202559</InstrId>
                    <EndToEndId>DC101M2708202559</EndToEndId>
                </PmtId>
                <Amt>
                    <InstdAmt Ccy="EUR">2506.40</InstdAmt>
                </Amt>
                <CdtrAgt>
                    <FinInstnId>
                        <BICFI>VALLMTMT</BICFI>
                    </FinInstnId>
                </CdtrAgt>
                <Cdtr>
                    <Nm>dennismercieca@vjsalomone.com</Nm>
                    <PstlAdr>
                        <TwnNm>MRIEHEL</TwnNm>
                        <Ctry>MT</Ctry>
                    </PstlAdr>
                </Cdtr>
                <CdtrAcct>
                    <Id>
                        <IBAN>MT05VALL22013000000013410803017</IBAN>
                    </Id>
                </CdtrAcct>
                <Purp>
                    <Cd>SALA</Cd>
                </Purp>
                <RmtInf>
                    <Ustrd>Salary 27-08-2025 2025</Ustrd>
                </RmtInf>
            </CdtTrfTxInf>
            <CdtTrfTxInf>
                <PmtId>
                    <InstrId>DC124M2708202559</InstrId>
                    <EndToEndId>DC124M2708202559</EndToEndId>
                </PmtId>
                <Amt>
                    <InstdAmt Ccy="EUR">5813.11</InstdAmt>
                </Amt>
                <CdtrAgt>
                    <FinInstnId>
                        <BICFI>VALLMTMT</BICFI>
                    </FinInstnId>
                </CdtrAgt>
                <Cdtr>
                    <Nm>GRIMA BALDACCHINO GORDON</Nm>
                    <PstlAdr>
                        <TwnNm>IS-SIGGIEWI</TwnNm>
                        <Ctry>MT</Ctry>
                    </PstlAdr>
                </Cdtr>
                <CdtrAcct>
                    <Id>
                        <IBAN>MT51VALL22013000000010208938016</IBAN>
                    </Id>
                </CdtrAcct>
                <Purp>
                    <Cd>SALA</Cd>
                </Purp>
                <RmtInf>
                    <Ustrd>Salary 27-08-2025 2025</Ustrd>
                </RmtInf>
            </CdtTrfTxInf>
            <CdtTrfTxInf>
                <PmtId>
                    <InstrId>DC143M2708202559</InstrId>
                    <EndToEndId>DC143M2708202559</EndToEndId>
                </PmtId>
                <Amt>
                    <InstdAmt Ccy="EUR">1840.73</InstdAmt>
                </Amt>
                <CdtrAgt>
                    <FinInstnId>
                        <BICFI>VALLMTMT</BICFI>
                    </FinInstnId>
                </CdtrAgt>
                <Cdtr>
                    <Nm>CASSAR GAETANO</Nm>
                    <PstlAdr>
                        <TwnNm>HAMRUN</TwnNm>
                        <Ctry>MT</Ctry>
                    </PstlAdr>
                </Cdtr>
                <CdtrAcct>
                    <Id>
                        <IBAN>MT24VALL22013000000050020022076</IBAN>
                    </Id>
                </CdtrAcct>
                <Purp>
                    <Cd>SALA</Cd>
                </Purp>
                <RmtInf>
                    <Ustrd>Salary 27-08-2025 2025</Ustrd>
                </RmtInf>
            </CdtTrfTxInf>
            <CdtTrfTxInf>
                <PmtId>
                    <InstrId>DC169M2708202559</InstrId>
                    <EndToEndId>DC169M2708202559</EndToEndId>
                </PmtId>
                <Amt>
                    <InstdAmt Ccy="EUR">2559.84</InstdAmt>
                </Amt>
                <CdtrAgt>
                    <FinInstnId>
                        <BICFI>MMEBMTMT</BICFI>
                    </FinInstnId>
                </CdtrAgt>
                <Cdtr>
                    <Nm>ZAHRA DAVIS KEITH</Nm>
                    <PstlAdr>
                        <TwnNm>MSIDA</TwnNm>
                        <Ctry>MT</Ctry>
                    </PstlAdr>
                </Cdtr>
                <CdtrAcct>
                    <Id>
                        <IBAN>MT50MMEB44392000000039060991050</IBAN>
                    </Id>
                </CdtrAcct>
                <Purp>
                    <Cd>SALA</Cd>
                </Purp>
                <RmtInf>
                    <Ustrd>Salary 27-08-2025 2025</Ustrd>
                </RmtInf>
            </CdtTrfTxInf>
            <CdtTrfTxInf>
                <PmtId>
                    <InstrId>DC209M2708202559</InstrId>
                    <EndToEndId>DC209M2708202559</EndToEndId>
                </PmtId>
                <Amt>
                    <InstdAmt Ccy="EUR">1665.97</InstdAmt>
                </Amt>
                <CdtrAgt>
                    <FinInstnId>
                        <BICFI>APSBMTMT</BICFI>
                    </FinInstnId>
                </CdtrAgt>
                <Cdtr>
                    <Nm>CASSAR THERESE</Nm>
                    <PstlAdr>
                        <TwnNm>HAZ-ZABBAR</TwnNm>
                        <Ctry>MT</Ctry>
                    </PstlAdr>
                </Cdtr>
                <CdtrAcct>
                    <Id>
                        <IBAN>MT12APSB77013000000041472020010</IBAN>
                    </Id>
                </CdtrAcct>
                <Purp>
                    <Cd>SALA</Cd>
                </Purp>
                <RmtInf>
                    <Ustrd>Salary 27-08-2025 2025</Ustrd>
                </RmtInf>
            </CdtTrfTxInf>
            <CdtTrfTxInf>
                <PmtId>
                    <InstrId>DC236M2708202559</InstrId>
                    <EndToEndId>DC236M2708202559</EndToEndId>
                </PmtId>
                <Amt>
                    <InstdAmt Ccy="EUR">2094.43</InstdAmt>
                </Amt>
                <CdtrAgt>
                    <FinInstnId>
                        <BICFI>MMEBMTMT</BICFI>
                    </FinInstnId>
                </CdtrAgt>
                <Cdtr>
                    <Nm>BORG SHIRLEY</Nm>
                    <PstlAdr>
                        <TwnNm>TAZ-ZWEJT</TwnNm>
                        <Ctry>MT</Ctry>
                    </PstlAdr>
                </Cdtr>
                <CdtrAcct>
                    <Id>
                        <IBAN>MT02MMEB44750000000075083378050</IBAN>
                    </Id>
                </CdtrAcct>
                <Purp>
                    <Cd>SALA</Cd>
                </Purp>
                <RmtInf>
                    <Ustrd>Salary 27-08-2025 2025</Ustrd>
                </RmtInf>
            </CdtTrfTxInf>
            <CdtTrfTxInf>
                <PmtId>
                    <InstrId>DC253M2708202559</InstrId>
                    <EndToEndId>DC253M2708202559</EndToEndId>
                </PmtId>
                <Amt>
                    <InstdAmt Ccy="EUR">2013.75</InstdAmt>
                </Amt>
                <CdtrAgt>
                    <FinInstnId>
                        <BICFI>VALLMTMT</BICFI>
                    </FinInstnId>
                </CdtrAgt>
                <Cdtr>
                    <Nm>VELLA GODFREY</Nm>
                    <PstlAdr>
                        <TwnNm>KALKARA</TwnNm>
                        <Ctry>MT</Ctry>
                    </PstlAdr>
                </Cdtr>
                <CdtrAcct>
                    <Id>
                        <IBAN>MT84VALL22013000000011798195025</IBAN>
                    </Id>
                </CdtrAcct>
                <Purp>
                    <Cd>SALA</Cd>
                </Purp>
                <RmtInf>
                    <Ustrd>Salary 27-08-2025 2025</Ustrd>
                </RmtInf>
            </CdtTrfTxInf>
            <CdtTrfTxInf>
                <PmtId>
                    <InstrId>DC273M2708202559</InstrId>
                    <EndToEndId>DC273M2708202559</EndToEndId>
                </PmtId>
                <Amt>
                    <InstdAmt Ccy="EUR">2248.73</InstdAmt>
                </Amt>
                <CdtrAgt>
                    <FinInstnId>
                        <BICFI>VALLMTMT</BICFI>
                    </FinInstnId>
                </CdtrAgt>
                <Cdtr>
                    <Nm>BONELLO KEVIN</Nm>
                    <PstlAdr>
                        <TwnNm>BAHRIJA, RABAT</TwnNm>
                        <Ctry>MT</Ctry>
                    </PstlAdr>
                </Cdtr>
                <CdtrAcct>
                    <Id>
                        <IBAN>MT27VALL22013000000011797414037</IBAN>
                    </Id>
                </CdtrAcct>
                <Purp>
                    <Cd>SALA</Cd>
                </Purp>
                <RmtInf>
                    <Ustrd>Salary 27-08-2025 2025</Ustrd>
                </RmtInf>
            </CdtTrfTxInf>
            <CdtTrfTxInf>
                <PmtId>
                    <InstrId>DC276M2708202559</InstrId>
                    <EndToEndId>DC276M2708202559</EndToEndId>
                </PmtId>
                <Amt>
                    <InstdAmt Ccy="EUR">882.91</InstdAmt>
                </Amt>
                <CdtrAgt>
                    <FinInstnId>
                        <BICFI>VALLMTMT</BICFI>
                    </FinInstnId>
                </CdtrAgt>
                <Cdtr>
                    <Nm>GRECH BRIGITTE</Nm>
                    <PstlAdr>
                        <TwnNm>IL-MARSA</TwnNm>
                        <Ctry>MT</Ctry>
                    </PstlAdr>
                </Cdtr>
                <CdtrAcct>
                    <Id>
                        <IBAN>MT56VALL22013000000040021458798</IBAN>
                    </Id>
                </CdtrAcct>
                <Purp>
                    <Cd>SALA</Cd>
                </Purp>
                <RmtInf>
                    <Ustrd>Salary 27-08-2025 2025</Ustrd>
                </RmtInf>
            </CdtTrfTxInf>
            <CdtTrfTxInf>
                <PmtId>
                    <InstrId>DC297M2708202559</InstrId>
                    <EndToEndId>DC297M2708202559</EndToEndId>
                </PmtId>
                <Amt>
                    <InstdAmt Ccy="EUR">1884.56</InstdAmt>
                </Amt>
                <CdtrAgt>
                    <FinInstnId>
                        <BICFI>APSBMTMT</BICFI>
                    </FinInstnId>
                </CdtrAgt>
                <Cdtr>
                    <Nm>SPITERI NICOLE</Nm>
                    <PstlAdr>
                        <TwnNm>H'ATTARD</TwnNm>
                        <Ctry>MT</Ctry>
                    </PstlAdr>
                </Cdtr>
                <CdtrAcct>
                    <Id>
                        <IBAN>MT68APSB77013000000045977950011</IBAN>
                    </Id>
                </CdtrAcct>
                <Purp>
                    <Cd>SALA</Cd>
                </Purp>
                <RmtInf>
                    <Ustrd>Salary 27-08-2025 2025</Ustrd>
                </RmtInf>
            </CdtTrfTxInf>
            <CdtTrfTxInf>
                <PmtId>
                    <InstrId>DC322M2708202559</InstrId>
                    <EndToEndId>DC322M2708202559</EndToEndId>
                </PmtId>
                <Amt>
                    <InstdAmt Ccy="EUR">2126.97</InstdAmt>
                </Amt>
                <CdtrAgt>
                    <FinInstnId>
                        <BICFI>VALLMTMT</BICFI>
                    </FinInstnId>
                </CdtrAgt>
                <Cdtr>
                    <Nm>PASSALACQUA MARIA</Nm>
                    <PstlAdr>
                        <TwnNm>HAD-DINGLI</TwnNm>
                        <Ctry>MT</Ctry>
                    </PstlAdr>
                </Cdtr>
                <CdtrAcct>
                    <Id>
                        <IBAN>MT24VALL22013000000040010045578</IBAN>
                    </Id>
                </CdtrAcct>
                <Purp>
                    <Cd>SALA</Cd>
                </Purp>
                <RmtInf>
                    <Ustrd>Salary 27-08-2025 2025</Ustrd>
                </RmtInf>
            </CdtTrfTxInf>
            <CdtTrfTxInf>
                <PmtId>
                    <InstrId>DC341M2708202559</InstrId>
                    <EndToEndId>DC341M2708202559</EndToEndId>
                </PmtId>
                <Amt>
                    <InstdAmt Ccy="EUR">1910.72</InstdAmt>
                </Amt>
                <CdtrAgt>
                    <FinInstnId>
                        <BICFI>VALLMTMT</BICFI>
                    </FinInstnId>
                </CdtrAgt>
                <Cdtr>
                    <Nm>ABELA SIMON</Nm>
                    <PstlAdr>
                        <TwnNm>RABAT</TwnNm>
                        <Ctry>MT</Ctry>
                    </PstlAdr>
                </Cdtr>
                <CdtrAcct>
                    <Id>
                        <IBAN>MT76VALL22013000000040013586791</IBAN>
                    </Id>
                </CdtrAcct>
                <Purp>
                    <Cd>SALA</Cd>
                </Purp>
                <RmtInf>
                    <Ustrd>Salary 27-08-2025 2025</Ustrd>
                </RmtInf>
            </CdtTrfTxInf>
            <CdtTrfTxInf>
                <PmtId>
                    <InstrId>DC358M2708202559</InstrId>
                    <EndToEndId>DC358M2708202559</EndToEndId>
                </PmtId>
                <Amt>
                    <InstdAmt Ccy="EUR">2244.06</InstdAmt>
                </Amt>
                <CdtrAgt>
                    <FinInstnId>
                        <BICFI>MMEBMTMT</BICFI>
                    </FinInstnId>
                </CdtrAgt>
                <Cdtr>
                    <Nm>BORG KEVIN</Nm>
                    <PstlAdr>
                        <TwnNm>H'ATTARD</TwnNm>
                        <Ctry>MT</Ctry>
                    </PstlAdr>
                </Cdtr>
                <CdtrAcct>
                    <Id>
                        <IBAN>MT02MMEB44543000000054049804050</IBAN>
                    </Id>
                </CdtrAcct>
                <Purp>
                    <Cd>SALA</Cd>
                </Purp>
                <RmtInf>
                    <Ustrd>Salary 27-08-2025 2025</Ustrd>
                </RmtInf>
            </CdtTrfTxInf>
            <CdtTrfTxInf>
                <PmtId>
                    <InstrId>DC387M2708202559</InstrId>
                    <EndToEndId>DC387M2708202559</EndToEndId>
                </PmtId>
                <Amt>
                    <InstdAmt Ccy="EUR">2330.41</InstdAmt>
                </Amt>
                <CdtrAgt>
                    <FinInstnId>
                        <BICFI>VALLMTMT</BICFI>
                    </FinInstnId>
                </CdtrAgt>
                <Cdtr>
                    <Nm>CAMILLERI SHAWN</Nm>
                    <PstlAdr>
                        <TwnNm>NAXXAR</TwnNm>
                        <Ctry>MT</Ctry>
                    </PstlAdr>
                </Cdtr>
                <CdtrAcct>
                    <Id>
                        <IBAN>MT51VALL22013000000016313468019</IBAN>
                    </Id>
                </CdtrAcct>
                <Purp>
                    <Cd>SALA</Cd>
                </Purp>
                <RmtInf>
                    <Ustrd>Salary 27-08-2025 2025</Ustrd>
                </RmtInf>
            </CdtTrfTxInf>
            <CdtTrfTxInf>
                <PmtId>
                    <InstrId>DC394M2708202559</InstrId>
                    <EndToEndId>DC394M2708202559</EndToEndId>
                </PmtId>
                <Amt>
                    <InstdAmt Ccy="EUR">1236.81</InstdAmt>
                </Amt>
                <CdtrAgt>
                    <FinInstnId>
                        <BICFI>MMEBMTMT</BICFI>
                    </FinInstnId>
                </CdtrAgt>
                <Cdtr>
                    <Nm>BONELLO MARINA</Nm>
                    <PstlAdr>
                        <TwnNm>IS-SWIEQI</TwnNm>
                        <Ctry>MT</Ctry>
                    </PstlAdr>
                </Cdtr>
                <CdtrAcct>
                    <Id>
                        <IBAN>MT39MMEB44093000000009005927050</IBAN>
                    </Id>
                </CdtrAcct>
                <Purp>
                    <Cd>SALA</Cd>
                </Purp>
                <RmtInf>
                    <Ustrd>Salary 27-08-2025 2025</Ustrd>
                </RmtInf>
            </CdtTrfTxInf>
            <CdtTrfTxInf>
                <PmtId>
                    <InstrId>DC395M2708202559</InstrId>
                    <EndToEndId>DC395M2708202559</EndToEndId>
                </PmtId>
                <Amt>
                    <InstdAmt Ccy="EUR">1689.47</InstdAmt>
                </Amt>
                <CdtrAgt>
                    <FinInstnId>
                        <BICFI>VALLMTMT</BICFI>
                    </FinInstnId>
                </CdtrAgt>
                <Cdtr>
                    <Nm>AZZOPARDI MARLENE</Nm>
                    <PstlAdr>
                        <TwnNm>SANTA VENERA</TwnNm>
                        <Ctry>MT</Ctry>
                    </PstlAdr>
                </Cdtr>
                <CdtrAcct>
                    <Id>
                        <IBAN>MT27VALL22013000000040019311643</IBAN>
                    </Id>
                </CdtrAcct>
                <Purp>
                    <Cd>SALA</Cd>
                </Purp>
                <RmtInf>
                    <Ustrd>Salary 27-08-2025 2025</Ustrd>
                </RmtInf>
            </CdtTrfTxInf>
            <CdtTrfTxInf>
                <PmtId>
                    <InstrId>DC433M2708202559</InstrId>
                    <EndToEndId>DC433M2708202559</EndToEndId>
                </PmtId>
                <Amt>
                    <InstdAmt Ccy="EUR">2369.55</InstdAmt>
                </Amt>
                <CdtrAgt>
                    <FinInstnId>
                        <BICFI>APSBMTMT</BICFI>
                    </FinInstnId>
                </CdtrAgt>
                <Cdtr>
                    <Nm>CIANTAR CHARLOTTE</Nm>
                    <PstlAdr>
                        <TwnNm>BIDNIJA L/O MOSTA</TwnNm>
                        <Ctry>MT</Ctry>
                    </PstlAdr>
                </Cdtr>
                <CdtrAcct>
                    <Id>
                        <IBAN>MT38APSB77013000000043934650013</IBAN>
                    </Id>
                </CdtrAcct>
                <Purp>
                    <Cd>SALA</Cd>
                </Purp>
                <RmtInf>
                    <Ustrd>Salary 27-08-2025 2025</Ustrd>
                </RmtInf>
            </CdtTrfTxInf>
            <CdtTrfTxInf>
                <PmtId>
                    <InstrId>DC450M2708202559</InstrId>
                    <EndToEndId>DC450M2708202559</EndToEndId>
                </PmtId>
                <Amt>
                    <InstdAmt Ccy="EUR">3053.14</InstdAmt>
                </Amt>
                <CdtrAgt>
                    <FinInstnId>
                        <BICFI>VALLMTMT</BICFI>
                    </FinInstnId>
                </CdtrAgt>
                <Cdtr>
                    <Nm>ZAMMIT BRIAN</Nm>
                    <PstlAdr>
                        <TwnNm>MGARR</TwnNm>
                        <Ctry>MT</Ctry>
                    </PstlAdr>
                </Cdtr>
                <CdtrAcct>
                    <Id>
                        <IBAN>MT98VALL22013000000040010212929</IBAN>
                    </Id>
                </CdtrAcct>
                <Purp>
                    <Cd>SALA</Cd>
                </Purp>
                <RmtInf>
                    <Ustrd>Salary 27-08-2025 2025</Ustrd>
                </RmtInf>
            </CdtTrfTxInf>
            <CdtTrfTxInf>
                <PmtId>
                    <InstrId>DC480M2708202559</InstrId>
                    <EndToEndId>DC480M2708202559</EndToEndId>
                </PmtId>
                <Amt>
                    <InstdAmt Ccy="EUR">840.83</InstdAmt>
                </Amt>
                <CdtrAgt>
                    <FinInstnId>
                        <BICFI>MMEBMTMT</BICFI>
                    </FinInstnId>
                </CdtrAgt>
                <Cdtr>
                    <Nm>TANTI CATHERINE</Nm>
                    <PstlAdr>
                        <TwnNm>SWATAR</TwnNm>
                        <Ctry>MT</Ctry>
                    </PstlAdr>
                </Cdtr>
                <CdtrAcct>
                    <Id>
                        <IBAN>MT67MMEB44392000000039025440050</IBAN>
                    </Id>
                </CdtrAcct>
                <Purp>
                    <Cd>SALA</Cd>
                </Purp>
                <RmtInf>
                    <Ustrd>Salary 27-08-2025 2025</Ustrd>
                </RmtInf>
            </CdtTrfTxInf>
            <CdtTrfTxInf>
                <PmtId>
                    <InstrId>DC493M2708202559</InstrId>
                    <EndToEndId>DC493M2708202559</EndToEndId>
                </PmtId>
                <Amt>
                    <InstdAmt Ccy="EUR">1860.11</InstdAmt>
                </Amt>
                <CdtrAgt>
                    <FinInstnId>
                        <BICFI>MMEBMTMT</BICFI>
                    </FinInstnId>
                </CdtrAgt>
                <Cdtr>
                    <Nm>GRIMA RYAN</Nm>
                    <PstlAdr>
                        <TwnNm>HAZ-ZABBAR</TwnNm>
                        <Ctry>MT</Ctry>
                    </PstlAdr>
                </Cdtr>
                <CdtrAcct>
                    <Id>
                        <IBAN>MT29MMEB44749000000074039066050</IBAN>
                    </Id>
                </CdtrAcct>
                <Purp>
                    <Cd>SALA</Cd>
                </Purp>
                <RmtInf>
                    <Ustrd>Salary 27-08-2025 2025</Ustrd>
                </RmtInf>
            </CdtTrfTxInf>
            <CdtTrfTxInf>
                <PmtId>
                    <InstrId>DC494M2708202559</InstrId>
                    <EndToEndId>DC494M2708202559</EndToEndId>
                </PmtId>
                <Amt>
                    <InstdAmt Ccy="EUR">1664.42</InstdAmt>
                </Amt>
                <CdtrAgt>
                    <FinInstnId>
                        <BICFI>VALLMTMT</BICFI>
                    </FinInstnId>
                </CdtrAgt>
                <Cdtr>
                    <Nm>TABONE ROMINA</Nm>
                    <PstlAdr>
                        <TwnNm>IS-SWIEQI</TwnNm>
                        <Ctry>MT</Ctry>
                    </PstlAdr>
                </Cdtr>
                <CdtrAcct>
                    <Id>
                        <IBAN>MT98VALL22013000000040017187811</IBAN>
                    </Id>
                </CdtrAcct>
                <Purp>
                    <Cd>SALA</Cd>
                </Purp>
                <RmtInf>
                    <Ustrd>Salary 27-08-2025 2025</Ustrd>
                </RmtInf>
            </CdtTrfTxInf>
            <CdtTrfTxInf>
                <PmtId>
                    <InstrId>DC498M2708202559</InstrId>
                    <EndToEndId>DC498M2708202559</EndToEndId>
                </PmtId>
                <Amt>
                    <InstdAmt Ccy="EUR">1717.00</InstdAmt>
                </Amt>
                <CdtrAgt>
                    <FinInstnId>
                        <BICFI>BNIFMTMT</BICFI>
                    </FinInstnId>
                </CdtrAgt>
                <Cdtr>
                    <Nm>MUSCAT ISMAEL</Nm>
                    <PstlAdr>
                        <TwnNm>IL-QAWRA</TwnNm>
                        <Ctry>MT</Ctry>
                    </PstlAdr>
                </Cdtr>
                <CdtrAcct>
                    <Id>
                        <IBAN>MT07BNIF14502000000000252760101</IBAN>
                    </Id>
                </CdtrAcct>
                <Purp>
                    <Cd>SALA</Cd>
                </Purp>
                <RmtInf>
                    <Ustrd>Salary 27-08-2025 2025</Ustrd>
                </RmtInf>
            </CdtTrfTxInf>
            <CdtTrfTxInf>
                <PmtId>
                    <InstrId>DC502M2708202559</InstrId>
                    <EndToEndId>DC502M2708202559</EndToEndId>
                </PmtId>
                <Amt>
                    <InstdAmt Ccy="EUR">1247.13</InstdAmt>
                </Amt>
                <CdtrAgt>
                    <FinInstnId>
                        <BICFI>APSBMTMT</BICFI>
                    </FinInstnId>
                </CdtrAgt>
                <Cdtr>
                    <Nm>CASSAR ANTONIA</Nm>
                    <PstlAdr>
                        <TwnNm>IL-FGURA</TwnNm>
                        <Ctry>MT</Ctry>
                    </PstlAdr>
                </Cdtr>
                <CdtrAcct>
                    <Id>
                        <IBAN>MT25APSB77013000000040801920011</IBAN>
                    </Id>
                </CdtrAcct>
                <Purp>
                    <Cd>SALA</Cd>
                </Purp>
                <RmtInf>
                    <Ustrd>Salary 27-08-2025 2025</Ustrd>
                </RmtInf>
            </CdtTrfTxInf>
            <CdtTrfTxInf>
                <PmtId>
                    <InstrId>DC504M2708202559</InstrId>
                    <EndToEndId>DC504M2708202559</EndToEndId>
                </PmtId>
                <Amt>
                    <InstdAmt Ccy="EUR">1744.61</InstdAmt>
                </Amt>
                <CdtrAgt>
                    <FinInstnId>
                        <BICFI>VALLMTMT</BICFI>
                    </FinInstnId>
                </CdtrAgt>
                <Cdtr>
                    <Nm>AZZOPARDI FIONA</Nm>
                    <PstlAdr>
                        <TwnNm>HAD-DINGLI</TwnNm>
                        <Ctry>MT</Ctry>
                    </PstlAdr>
                </Cdtr>
                <CdtrAcct>
                    <Id>
                        <IBAN>MT35VALL22013000000050014943637</IBAN>
                    </Id>
                </CdtrAcct>
                <Purp>
                    <Cd>SALA</Cd>
                </Purp>
                <RmtInf>
                    <Ustrd>Salary 27-08-2025 2025</Ustrd>
                </RmtInf>
            </CdtTrfTxInf>
            <CdtTrfTxInf>
                <PmtId>
                    <InstrId>DC507M2708202559</InstrId>
                    <EndToEndId>DC507M2708202559</EndToEndId>
                </PmtId>
                <Amt>
                    <InstdAmt Ccy="EUR">2095.15</InstdAmt>
                </Amt>
                <CdtrAgt>
                    <FinInstnId>
                        <BICFI>VALLMTMT</BICFI>
                    </FinInstnId>
                </CdtrAgt>
                <Cdtr>
                    <Nm>ZAMMIT AUDREY</Nm>
                    <PstlAdr>
                        <TwnNm>HAL LIJA</TwnNm>
                        <Ctry>MT</Ctry>
                    </PstlAdr>
                </Cdtr>
                <CdtrAcct>
                    <Id>
                        <IBAN>MT80VALL22013000000040018796395</IBAN>
                    </Id>
                </CdtrAcct>
                <Purp>
                    <Cd>SALA</Cd>
                </Purp>
                <RmtInf>
                    <Ustrd>Salary 27-08-2025 2025</Ustrd>
                </RmtInf>
            </CdtTrfTxInf>
            <CdtTrfTxInf>
                <PmtId>
                    <InstrId>DC510M2708202559</InstrId>
                    <EndToEndId>DC510M2708202559</EndToEndId>
                </PmtId>
                <Amt>
                    <InstdAmt Ccy="EUR">1685.49</InstdAmt>
                </Amt>
                <CdtrAgt>
                    <FinInstnId>
                        <BICFI>MBWMMTMT</BICFI>
                    </FinInstnId>
                </CdtrAgt>
                <Cdtr>
                    <Nm>CAUCHI GRECIO</Nm>
                    <PstlAdr>
                        <TwnNm>HAL QORMI</TwnNm>
                        <Ctry>MT</Ctry>
                    </PstlAdr>
                </Cdtr>
                <CdtrAcct>
                    <Id>
                        <IBAN>MT88MBWM07113000000711000530414</IBAN>
                    </Id>
                </CdtrAcct>
                <Purp>
                    <Cd>SALA</Cd>
                </Purp>
                <RmtInf>
                    <Ustrd>Salary 27-08-2025 2025</Ustrd>
                </RmtInf>
            </CdtTrfTxInf>
            <CdtTrfTxInf>
                <PmtId>
                    <InstrId>DC515M2708202559</InstrId>
                    <EndToEndId>DC515M2708202559</EndToEndId>
                </PmtId>
                <Amt>
                    <InstdAmt Ccy="EUR">2144.92</InstdAmt>
                </Amt>
                <CdtrAgt>
                    <FinInstnId>
                        <BICFI>MMEBMTMT</BICFI>
                    </FinInstnId>
                </CdtrAgt>
                <Cdtr>
                    <Nm>FARRUGIA MARTHESE</Nm>
                    <PstlAdr>
                        <TwnNm>PEMBROKE</TwnNm>
                        <Ctry>MT</Ctry>
                    </PstlAdr>
                </Cdtr>
                <CdtrAcct>
                    <Id>
                        <IBAN>MT97MMEB44163000000016147704050</IBAN>
                    </Id>
                </CdtrAcct>
                <Purp>
                    <Cd>SALA</Cd>
                </Purp>
                <RmtInf>
                    <Ustrd>Salary 27-08-2025 2025</Ustrd>
                </RmtInf>
            </CdtTrfTxInf>
            <CdtTrfTxInf>
                <PmtId>
                    <InstrId>DC519M2708202559</InstrId>
                    <EndToEndId>DC519M2708202559</EndToEndId>
                </PmtId>
                <Amt>
                    <InstdAmt Ccy="EUR">2314.66</InstdAmt>
                </Amt>
                <CdtrAgt>
                    <FinInstnId>
                        <BICFI>VALLMTMT</BICFI>
                    </FinInstnId>
                </CdtrAgt>
                <Cdtr>
                    <Nm>THEUMA MARIA</Nm>
                    <PstlAdr>
                        <TwnNm>MARSA</TwnNm>
                        <Ctry>MT</Ctry>
                    </PstlAdr>
                </Cdtr>
                <CdtrAcct>
                    <Id>
                        <IBAN>MT64VALL22013000000040016597596</IBAN>
                    </Id>
                </CdtrAcct>
                <Purp>
                    <Cd>SALA</Cd>
                </Purp>
                <RmtInf>
                    <Ustrd>Salary 27-08-2025 2025</Ustrd>
                </RmtInf>
            </CdtTrfTxInf>
            <CdtTrfTxInf>
                <PmtId>
                    <InstrId>DC527M2708202559</InstrId>
                    <EndToEndId>DC527M2708202559</EndToEndId>
                </PmtId>
                <Amt>
                    <InstdAmt Ccy="EUR">1293.61</InstdAmt>
                </Amt>
                <CdtrAgt>
                    <FinInstnId>
                        <BICFI>MMEBMTMT</BICFI>
                    </FinInstnId>
                </CdtrAgt>
                <Cdtr>
                    <Nm>SALIBA JOSIANNE</Nm>
                    <PstlAdr>
                        <TwnNm>IL-MOSTA</TwnNm>
                        <Ctry>MT</Ctry>
                    </PstlAdr>
                </Cdtr>
                <CdtrAcct>
                    <Id>
                        <IBAN>MT65MMEB44118000000011020815050</IBAN>
                    </Id>
                </CdtrAcct>
                <Purp>
                    <Cd>SALA</Cd>
                </Purp>
                <RmtInf>
                    <Ustrd>Salary 27-08-2025 2025</Ustrd>
                </RmtInf>
            </CdtTrfTxInf>
            <CdtTrfTxInf>
                <PmtId>
                    <InstrId>DC532M2708202559</InstrId>
                    <EndToEndId>DC532M2708202559</EndToEndId>
                </PmtId>
                <Amt>
                    <InstdAmt Ccy="EUR">2180.94</InstdAmt>
                </Amt>
                <CdtrAgt>
                    <FinInstnId>
                        <BICFI>MMEBMTMT</BICFI>
                    </FinInstnId>
                </CdtrAgt>
                <Cdtr>
                    <Nm>BELLIA MARYROSE</Nm>
                    <PstlAdr>
                        <TwnNm>IL-GUDJA</TwnNm>
                        <Ctry>MT</Ctry>
                    </PstlAdr>
                </Cdtr>
                <CdtrAcct>
                    <Id>
                        <IBAN>MT55MMEB44473000000047095518001</IBAN>
                    </Id>
                </CdtrAcct>
                <Purp>
                    <Cd>SALA</Cd>
                </Purp>
                <RmtInf>
                    <Ustrd>Salary 27-08-2025 2025</Ustrd>
                </RmtInf>
            </CdtTrfTxInf>
            <CdtTrfTxInf>
                <PmtId>
                    <InstrId>DC536M2708202559</InstrId>
                    <EndToEndId>DC536M2708202559</EndToEndId>
                </PmtId>
                <Amt>
                    <InstdAmt Ccy="EUR">1627.80</InstdAmt>
                </Amt>
                <CdtrAgt>
                    <FinInstnId>
                        <BICFI>APSBMTMT</BICFI>
                    </FinInstnId>
                </CdtrAgt>
                <Cdtr>
                    <Nm>ZARB CHARLOT</Nm>
                    <PstlAdr>
                        <TwnNm>HAL GHARGHUR</TwnNm>
                        <Ctry>MT</Ctry>
                    </PstlAdr>
                </Cdtr>
                <CdtrAcct>
                    <Id>
                        <IBAN>MT52APSB77013000000042870710014</IBAN>
                    </Id>
                </CdtrAcct>
                <Purp>
                    <Cd>SALA</Cd>
                </Purp>
                <RmtInf>
                    <Ustrd>Salary 27-08-2025 2025</Ustrd>
                </RmtInf>
            </CdtTrfTxInf>
            <CdtTrfTxInf>
                <PmtId>
                    <InstrId>DC539M2708202559</InstrId>
                    <EndToEndId>DC539M2708202559</EndToEndId>
                </PmtId>
                <Amt>
                    <InstdAmt Ccy="EUR">2649.28</InstdAmt>
                </Amt>
                <CdtrAgt>
                    <FinInstnId>
                        <BICFI>VALLMTMT</BICFI>
                    </FinInstnId>
                </CdtrAgt>
                <Cdtr>
                    <Nm>ZAMMIT CORDINA MICHAELA</Nm>
                    <PstlAdr>
                        <TwnNm>H'ATTARD</TwnNm>
                        <Ctry>MT</Ctry>
                    </PstlAdr>
                </Cdtr>
                <CdtrAcct>
                    <Id>
                        <IBAN>MT84VALL22013000000040025031386</IBAN>
                    </Id>
                </CdtrAcct>
                <Purp>
                    <Cd>SALA</Cd>
                </Purp>
                <RmtInf>
                    <Ustrd>Salary 27-08-2025 2025</Ustrd>
                </RmtInf>
            </CdtTrfTxInf>
            <CdtTrfTxInf>
                <PmtId>
                    <InstrId>DC548M2708202559</InstrId>
                    <EndToEndId>DC548M2708202559</EndToEndId>
                </PmtId>
                <Amt>
                    <InstdAmt Ccy="EUR">1675.05</InstdAmt>
                </Amt>
                <CdtrAgt>
                    <FinInstnId>
                        <BICFI>VALLMTMT</BICFI>
                    </FinInstnId>
                </CdtrAgt>
                <Cdtr>
                    <Nm>SALIBA ALEX</Nm>
                    <PstlAdr>
                        <TwnNm>HAZ-ZEBBUG</TwnNm>
                        <Ctry>MT</Ctry>
                    </PstlAdr>
                </Cdtr>
                <CdtrAcct>
                    <Id>
                        <IBAN>MT63VALL22013000000040021648210</IBAN>
                    </Id>
                </CdtrAcct>
                <Purp>
                    <Cd>SALA</Cd>
                </Purp>
                <RmtInf>
                    <Ustrd>Salary 27-08-2025 2025</Ustrd>
                </RmtInf>
            </CdtTrfTxInf>
            <CdtTrfTxInf>
                <PmtId>
                    <InstrId>DC551M2708202559</InstrId>
                    <EndToEndId>DC551M2708202559</EndToEndId>
                </PmtId>
                <Amt>
                    <InstdAmt Ccy="EUR">2077.13</InstdAmt>
                </Amt>
                <CdtrAgt>
                    <FinInstnId>
                        <BICFI>APSBMTMT</BICFI>
                    </FinInstnId>
                </CdtrAgt>
                <Cdtr>
                    <Nm>CILIA RYAN</Nm>
                    <PstlAdr>
                        <TwnNm>BIRKIRKARA</TwnNm>
                        <Ctry>MT</Ctry>
                    </PstlAdr>
                </Cdtr>
                <CdtrAcct>
                    <Id>
                        <IBAN>MT13APSB77105008252320001657989</IBAN>
                    </Id>
                </CdtrAcct>
                <Purp>
                    <Cd>SALA</Cd>
                </Purp>
                <RmtInf>
                    <Ustrd>Salary 27-08-2025 2025</Ustrd>
                </RmtInf>
            </CdtTrfTxInf>
            <CdtTrfTxInf>
                <PmtId>
                    <InstrId>DC552M2708202559</InstrId>
                    <EndToEndId>DC552M2708202559</EndToEndId>
                </PmtId>
                <Amt>
                    <InstdAmt Ccy="EUR">1412.44</InstdAmt>
                </Amt>
                <CdtrAgt>
                    <FinInstnId>
                        <BICFI>MMEBMTMT</BICFI>
                    </FinInstnId>
                </CdtrAgt>
                <Cdtr>
                    <Nm>CACHIA IAN</Nm>
                    <PstlAdr>
                        <TwnNm>BORMLA</TwnNm>
                        <Ctry>MT</Ctry>
                    </PstlAdr>
                </Cdtr>
                <CdtrAcct>
                    <Id>
                        <IBAN>MT02MMEB44406000000040066920050</IBAN>
                    </Id>
                </CdtrAcct>
                <Purp>
                    <Cd>SALA</Cd>
                </Purp>
                <RmtInf>
                    <Ustrd>Salary 27-08-2025 2025</Ustrd>
                </RmtInf>
            </CdtTrfTxInf>
            <CdtTrfTxInf>
                <PmtId>
                    <InstrId>DC556M2708202559</InstrId>
                    <EndToEndId>DC556M2708202559</EndToEndId>
                </PmtId>
                <Amt>
                    <InstdAmt Ccy="EUR">2877.41</InstdAmt>
                </Amt>
                <CdtrAgt>
                    <FinInstnId>
                        <BICFI>BNIFMTMT</BICFI>
                    </FinInstnId>
                </CdtrAgt>
                <Cdtr>
                    <Nm>PSAILA ANITA</Nm>
                    <PstlAdr>
                        <TwnNm>HAZ-ZABBAR</TwnNm>
                        <Ctry>MT</Ctry>
                    </PstlAdr>
                </Cdtr>
                <CdtrAcct>
                    <Id>
                        <IBAN>MT69BNIF14502000000000384895101</IBAN>
                    </Id>
                </CdtrAcct>
                <Purp>
                    <Cd>SALA</Cd>
                </Purp>
                <RmtInf>
                    <Ustrd>Salary 27-08-2025 2025</Ustrd>
                </RmtInf>
            </CdtTrfTxInf>
            <CdtTrfTxInf>
                <PmtId>
                    <InstrId>DC557M2708202559</InstrId>
                    <EndToEndId>DC557M2708202559</EndToEndId>
                </PmtId>
                <Amt>
                    <InstdAmt Ccy="EUR">1072.66</InstdAmt>
                </Amt>
                <CdtrAgt>
                    <FinInstnId>
                        <BICFI>VALLMTMT</BICFI>
                    </FinInstnId>
                </CdtrAgt>
                <Cdtr>
                    <Nm>LAGARTO NANETTE</Nm>
                    <PstlAdr>
                        <TwnNm>IL-FGURA</TwnNm>
                        <Ctry>MT</Ctry>
                    </PstlAdr>
                </Cdtr>
                <CdtrAcct>
                    <Id>
                        <IBAN>MT41VALL22013000000040025966561</IBAN>
                    </Id>
                </CdtrAcct>
                <Purp>
                    <Cd>SALA</Cd>
                </Purp>
                <RmtInf>
                    <Ustrd>Salary 27-08-2025 2025</Ustrd>
                </RmtInf>
            </CdtTrfTxInf>
            <CdtTrfTxInf>
                <PmtId>
                    <InstrId>DC55M2708202559</InstrId>
                    <EndToEndId>DC55M2708202559</EndToEndId>
                </PmtId>
                <Amt>
                    <InstdAmt Ccy="EUR">1725.83</InstdAmt>
                </Amt>
                <CdtrAgt>
                    <FinInstnId>
                        <BICFI>APSBMTMT</BICFI>
                    </FinInstnId>
                </CdtrAgt>
                <Cdtr>
                    <Nm>SCERRI SILVIO</Nm>
                    <PstlAdr>
                        <TwnNm>COSPICUA</TwnNm>
                        <Ctry>MT</Ctry>
                    </PstlAdr>
                </Cdtr>
                <CdtrAcct>
                    <Id>
                        <IBAN>MT41APSB77013000000044280120018</IBAN>
                    </Id>
                </CdtrAcct>
                <Purp>
                    <Cd>SALA</Cd>
                </Purp>
                <RmtInf>
                    <Ustrd>Salary 27-08-2025 2025</Ustrd>
                </RmtInf>
            </CdtTrfTxInf>
            <CdtTrfTxInf>
                <PmtId>
                    <InstrId>DC560M2708202559</InstrId>
                    <EndToEndId>DC560M2708202559</EndToEndId>
                </PmtId>
                <Amt>
                    <InstdAmt Ccy="EUR">1602.80</InstdAmt>
                </Amt>
                <CdtrAgt>
                    <FinInstnId>
                        <BICFI>VALLMTMT</BICFI>
                    </FinInstnId>
                </CdtrAgt>
                <Cdtr>
                    <Nm>AZZOPARDI RODERICK</Nm>
                    <PstlAdr>
                        <TwnNm>MOSTA</TwnNm>
                        <Ctry>MT</Ctry>
                    </PstlAdr>
                </Cdtr>
                <CdtrAcct>
                    <Id>
                        <IBAN>MT07VALL22013000000050018098193</IBAN>
                    </Id>
                </CdtrAcct>
                <Purp>
                    <Cd>SALA</Cd>
                </Purp>
                <RmtInf>
                    <Ustrd>Salary 27-08-2025 2025</Ustrd>
                </RmtInf>
            </CdtTrfTxInf>
            <CdtTrfTxInf>
                <PmtId>
                    <InstrId>DC561M2708202559</InstrId>
                    <EndToEndId>DC561M2708202559</EndToEndId>
                </PmtId>
                <Amt>
                    <InstdAmt Ccy="EUR">1602.80</InstdAmt>
                </Amt>
                <CdtrAgt>
                    <FinInstnId>
                        <BICFI>VALLMTMT</BICFI>
                    </FinInstnId>
                </CdtrAgt>
                <Cdtr>
                    <Nm>MUSCAT KURT</Nm>
                    <PstlAdr>
                        <TwnNm>BIRKIRKARA</TwnNm>
                        <Ctry>MT</Ctry>
                    </PstlAdr>
                </Cdtr>
                <CdtrAcct>
                    <Id>
                        <IBAN>MT27VALL22013000000040022406040</IBAN>
                    </Id>
                </CdtrAcct>
                <Purp>
                    <Cd>SALA</Cd>
                </Purp>
                <RmtInf>
                    <Ustrd>Salary 27-08-2025 2025</Ustrd>
                </RmtInf>
            </CdtTrfTxInf>
            <CdtTrfTxInf>
                <PmtId>
                    <InstrId>DC565M2708202559</InstrId>
                    <EndToEndId>DC565M2708202559</EndToEndId>
                </PmtId>
                <Amt>
                    <InstdAmt Ccy="EUR">1598.74</InstdAmt>
                </Amt>
                <CdtrAgt>
                    <FinInstnId>
                        <BICFI>APSBMTMT</BICFI>
                    </FinInstnId>
                </CdtrAgt>
                <Cdtr>
                    <Nm>FALZON RACHEL</Nm>
                    <PstlAdr>
                        <TwnNm>BIRZEBBUGA</TwnNm>
                        <Ctry>MT</Ctry>
                    </PstlAdr>
                </Cdtr>
                <CdtrAcct>
                    <Id>
                        <IBAN>MT02APSB77013000000043467510010</IBAN>
                    </Id>
                </CdtrAcct>
                <Purp>
                    <Cd>SALA</Cd>
                </Purp>
                <RmtInf>
                    <Ustrd>Salary 27-08-2025 2025</Ustrd>
                </RmtInf>
            </CdtTrfTxInf>
            <CdtTrfTxInf>
                <PmtId>
                    <InstrId>DC566M2708202559</InstrId>
                    <EndToEndId>DC566M2708202559</EndToEndId>
                </PmtId>
                <Amt>
                    <InstdAmt Ccy="EUR">1633.09</InstdAmt>
                </Amt>
                <CdtrAgt>
                    <FinInstnId>
                        <BICFI>APSBMTMT</BICFI>
                    </FinInstnId>
                </CdtrAgt>
                <Cdtr>
                    <Nm>MULA CHRISTIAN</Nm>
                    <PstlAdr>
                        <TwnNm>HAL QORMI</TwnNm>
                        <Ctry>MT</Ctry>
                    </PstlAdr>
                </Cdtr>
                <CdtrAcct>
                    <Id>
                        <IBAN>MT60APSB77079006881320001143097</IBAN>
                    </Id>
                </CdtrAcct>
                <Purp>
                    <Cd>SALA</Cd>
                </Purp>
                <RmtInf>
                    <Ustrd>Salary 27-08-2025 2025</Ustrd>
                </RmtInf>
            </CdtTrfTxInf>
            <CdtTrfTxInf>
                <PmtId>
                    <InstrId>DC567M2708202559</InstrId>
                    <EndToEndId>DC567M2708202559</EndToEndId>
                </PmtId>
                <Amt>
                    <InstdAmt Ccy="EUR">1811.71</InstdAmt>
                </Amt>
                <CdtrAgt>
                    <FinInstnId>
                        <BICFI>VALLMTMT</BICFI>
                    </FinInstnId>
                </CdtrAgt>
                <Cdtr>
                    <Nm>MIFSUD GEORGEANNE</Nm>
                    <PstlAdr>
                        <TwnNm>HAZ-ZEBBUG</TwnNm>
                        <Ctry>MT</Ctry>
                    </PstlAdr>
                </Cdtr>
                <CdtrAcct>
                    <Id>
                        <IBAN>MT18VALL22013000000040026053596</IBAN>
                    </Id>
                </CdtrAcct>
                <Purp>
                    <Cd>SALA</Cd>
                </Purp>
                <RmtInf>
                    <Ustrd>Salary 27-08-2025 2025</Ustrd>
                </RmtInf>
            </CdtTrfTxInf>
            <CdtTrfTxInf>
                <PmtId>
                    <InstrId>DC569M2708202559</InstrId>
                    <EndToEndId>DC569M2708202559</EndToEndId>
                </PmtId>
                <Amt>
                    <InstdAmt Ccy="EUR">1722.30</InstdAmt>
                </Amt>
                <CdtrAgt>
                    <FinInstnId>
                        <BICFI>APSBMTMT</BICFI>
                    </FinInstnId>
                </CdtrAgt>
                <Cdtr>
                    <Nm>FORMOSA DANIEL</Nm>
                    <PstlAdr>
                        <TwnNm>ST PETER'S HAZ-ZABBAR</TwnNm>
                        <Ctry>MT</Ctry>
                    </PstlAdr>
                </Cdtr>
                <CdtrAcct>
                    <Id>
                        <IBAN>MT26APSB77013000000043789820014</IBAN>
                    </Id>
                </CdtrAcct>
                <Purp>
                    <Cd>SALA</Cd>
                </Purp>
                <RmtInf>
                    <Ustrd>Salary 27-08-2025 2025</Ustrd>
                </RmtInf>
            </CdtTrfTxInf>
            <CdtTrfTxInf>
                <PmtId>
                    <InstrId>DC570M2708202559</InstrId>
                    <EndToEndId>DC570M2708202559</EndToEndId>
                </PmtId>
                <Amt>
                    <InstdAmt Ccy="EUR">2257.10</InstdAmt>
                </Amt>
                <CdtrAgt>
                    <FinInstnId>
                        <BICFI>MMEBMTMT</BICFI>
                    </FinInstnId>
                </CdtrAgt>
                <Cdtr>
                    <Nm>Cauchi Ingrid</Nm>
                    <PstlAdr>
                        <TwnNm>ir-Rabat</TwnNm>
                        <Ctry>MT</Ctry>
                    </PstlAdr>
                </Cdtr>
                <CdtrAcct>
                    <Id>
                        <IBAN>MT72MMEB44587000000058114992050</IBAN>
                    </Id>
                </CdtrAcct>
                <Purp>
                    <Cd>SALA</Cd>
                </Purp>
                <RmtInf>
                    <Ustrd>Salary 27-08-2025 2025</Ustrd>
                </RmtInf>
            </CdtTrfTxInf>
            <CdtTrfTxInf>
                <PmtId>
                    <InstrId>DC571M2708202559</InstrId>
                    <EndToEndId>DC571M2708202559</EndToEndId>
                </PmtId>
                <Amt>
                    <InstdAmt Ccy="EUR">1090.28</InstdAmt>
                </Amt>
                <CdtrAgt>
                    <FinInstnId>
                        <BICFI>VALLMTMT</BICFI>
                    </FinInstnId>
                </CdtrAgt>
                <Cdtr>
                    <Nm>Bajada Emily</Nm>
                    <PstlAdr>
                        <TwnNm>Xaghra</TwnNm>
                        <Ctry>MT</Ctry>
                    </PstlAdr>
                </Cdtr>
                <CdtrAcct>
                    <Id>
                        <IBAN>MT24VALL22013000000040013868736</IBAN>
                    </Id>
                </CdtrAcct>
                <Purp>
                    <Cd>SALA</Cd>
                </Purp>
                <RmtInf>
                    <Ustrd>Salary 27-08-2025 2025</Ustrd>
                </RmtInf>
            </CdtTrfTxInf>
            <CdtTrfTxInf>
                <PmtId>
                    <InstrId>DC572M2708202559</InstrId>
                    <EndToEndId>DC572M2708202559</EndToEndId>
                </PmtId>
                <Amt>
                    <InstdAmt Ccy="EUR">1785.16</InstdAmt>
                </Amt>
                <CdtrAgt>
                    <FinInstnId>
                        <BICFI>VALLMTMT</BICFI>
                    </FinInstnId>
                </CdtrAgt>
                <Cdtr>
                    <Nm>Caruana Victoria</Nm>
                    <PstlAdr>
                        <TwnNm>Marsaskala</TwnNm>
                        <Ctry>MT</Ctry>
                    </PstlAdr>
                </Cdtr>
                <CdtrAcct>
                    <Id>
                        <IBAN>MT38VALL22013000000015112438018</IBAN>
                    </Id>
                </CdtrAcct>
                <Purp>
                    <Cd>SALA</Cd>
                </Purp>
                <RmtInf>
                    <Ustrd>Salary 27-08-2025 2025</Ustrd>
                </RmtInf>
            </CdtTrfTxInf>
            <CdtTrfTxInf>
                <PmtId>
                    <InstrId>DC573M2708202559</InstrId>
                    <EndToEndId>DC573M2708202559</EndToEndId>
                </PmtId>
                <Amt>
                    <InstdAmt Ccy="EUR">1556.40</InstdAmt>
                </Amt>
                <CdtrAgt>
                    <FinInstnId>
                        <BICFI>MMEBMTMT</BICFI>
                    </FinInstnId>
                </CdtrAgt>
                <Cdtr>
                    <Nm>Gatt Gabriel</Nm>
                    <PstlAdr>
                        <TwnNm>Hal Tarxien</TwnNm>
                        <Ctry>MT</Ctry>
                    </PstlAdr>
                </Cdtr>
                <CdtrAcct>
                    <Id>
                        <IBAN>MT38MMEB44646000000064131576050</IBAN>
                    </Id>
                </CdtrAcct>
                <Purp>
                    <Cd>SALA</Cd>
                </Purp>
                <RmtInf>
                    <Ustrd>Salary 27-08-2025 2025</Ustrd>
                </RmtInf>
            </CdtTrfTxInf>
            <CdtTrfTxInf>
                <PmtId>
                    <InstrId>DC574M2708202559</InstrId>
                    <EndToEndId>DC574M2708202559</EndToEndId>
                </PmtId>
                <Amt>
                    <InstdAmt Ccy="EUR">2143.45</InstdAmt>
                </Amt>
                <CdtrAgt>
                    <FinInstnId>
                        <BICFI>VALLMTMT</BICFI>
                    </FinInstnId>
                </CdtrAgt>
                <Cdtr>
                    <Nm>Bonavia Michela</Nm>
                    <PstlAdr>
                        <TwnNm>Marsaskala</TwnNm>
                        <Ctry>MT</Ctry>
                    </PstlAdr>
                </Cdtr>
                <CdtrAcct>
                    <Id>
                        <IBAN>MT76VALL22013000000040024277743</IBAN>
                    </Id>
                </CdtrAcct>
                <Purp>
                    <Cd>SALA</Cd>
                </Purp>
                <RmtInf>
                    <Ustrd>Salary 27-08-2025 2025</Ustrd>
                </RmtInf>
            </CdtTrfTxInf>
            <CdtTrfTxInf>
                <PmtId>
                    <InstrId>DC575M2708202559</InstrId>
                    <EndToEndId>DC575M2708202559</EndToEndId>
                </PmtId>
                <Amt>
                    <InstdAmt Ccy="EUR">1767.28</InstdAmt>
                </Amt>
                <CdtrAgt>
                    <FinInstnId>
                        <BICFI>VALLMTMT</BICFI>
                    </FinInstnId>
                </CdtrAgt>
                <Cdtr>
                    <Nm>Bianco Donna</Nm>
                    <PstlAdr>
                        <TwnNm>Il-Fgura</TwnNm>
                        <Ctry>MT</Ctry>
                    </PstlAdr>
                </Cdtr>
                <CdtrAcct>
                    <Id>
                        <IBAN>MT39VALL22013000000040010487822</IBAN>
                    </Id>
                </CdtrAcct>
                <Purp>
                    <Cd>SALA</Cd>
                </Purp>
                <RmtInf>
                    <Ustrd>Salary 27-08-2025 2025</Ustrd>
                </RmtInf>
            </CdtTrfTxInf>
            <CdtTrfTxInf>
                <PmtId>
                    <InstrId>DC576M2708202559</InstrId>
                    <EndToEndId>DC576M2708202559</EndToEndId>
                </PmtId>
                <Amt>
                    <InstdAmt Ccy="EUR">1108.73</InstdAmt>
                </Amt>
                <CdtrAgt>
                    <FinInstnId>
                        <BICFI>VALLMTMT</BICFI>
                    </FinInstnId>
                </CdtrAgt>
                <Cdtr>
                    <Nm>Micallef Matthew</Nm>
                    <PstlAdr>
                        <TwnNm>H'Attard</TwnNm>
                        <Ctry>MT</Ctry>
                    </PstlAdr>
                </Cdtr>
                <CdtrAcct>
                    <Id>
                        <IBAN>MT81VALL22013000000050014880923</IBAN>
                    </Id>
                </CdtrAcct>
                <Purp>
                    <Cd>SALA</Cd>
                </Purp>
                <RmtInf>
                    <Ustrd>Salary 27-08-2025 2025</Ustrd>
                </RmtInf>
            </CdtTrfTxInf>
            <CdtTrfTxInf>
                <PmtId>
                    <InstrId>DC577M2708202559</InstrId>
                    <EndToEndId>DC577M2708202559</EndToEndId>
                </PmtId>
                <Amt>
                    <InstdAmt Ccy="EUR">1332.68</InstdAmt>
                </Amt>
                <CdtrAgt>
                    <FinInstnId>
                        <BICFI>MMEBMTMT</BICFI>
                    </FinInstnId>
                </CdtrAgt>
                <Cdtr>
                    <Nm>Zammit Amanda</Nm>
                    <PstlAdr>
                        <TwnNm>Naxxar</TwnNm>
                        <Ctry>MT</Ctry>
                    </PstlAdr>
                </Cdtr>
                <CdtrAcct>
                    <Id>
                        <IBAN>MT28MMEB44233000000023098700050</IBAN>
                    </Id>
                </CdtrAcct>
                <Purp>
                    <Cd>SALA</Cd>
                </Purp>
                <RmtInf>
                    <Ustrd>Salary 27-08-2025 2025</Ustrd>
                </RmtInf>
            </CdtTrfTxInf>
            <CdtTrfTxInf>
                <PmtId>
                    <InstrId>DC580M2708202559</InstrId>
                    <EndToEndId>DC580M2708202559</EndToEndId>
                </PmtId>
                <Amt>
                    <InstdAmt Ccy="EUR">970.39</InstdAmt>
                </Amt>
                <CdtrAgt>
                    <FinInstnId>
                        <BICFI>MMEBMTMT</BICFI>
                    </FinInstnId>
                </CdtrAgt>
                <Cdtr>
                    <Nm>Caruana Sinclair</Nm>
                    <PstlAdr>
                        <TwnNm>Zurrieq</TwnNm>
                        <Ctry>MT</Ctry>
                    </PstlAdr>
                </Cdtr>
                <CdtrAcct>
                    <Id>
                        <IBAN>MT68MMEB44783000000078170099001</IBAN>
                    </Id>
                </CdtrAcct>
                <Purp>
                    <Cd>SALA</Cd>
                </Purp>
                <RmtInf>
                    <Ustrd>Salary 27-08-2025 2025</Ustrd>
                </RmtInf>
            </CdtTrfTxInf>
        </PmtInf>
    </CstmrCdtTrfInitn>
</Document>